@inproceedings{CPA,
	author    = {Eric Brier and
	Christophe Clavier and
	Francis Olivier},
	editor    = {Marc Joye and
	Jean{-}Jacques Quisquater},
	title     = {Correlation Power Analysis with a Leakage Model},
	booktitle = {Cryptographic Hardware and Embedded Systems - {CHES} 2004: 6th International
	Workshop Cambridge, MA, USA, August 11-13, 2004. Proceedings},
	series    = {Lecture Notes in Computer Science},
	volume    = {3156},
	pages     = {16--29},
	publisher = {Springer},
	year      = {2004},
	url       = {https://doi.org/10.1007/978-3-540-28632-5\_2},
	doi       = {10.1007/978-3-540-28632-5\_2},
	timestamp = {Tue, 14 May 2019 10:00:47 +0200},
	biburl    = {https://dblp.org/rec/conf/ches/BrierCO04.bib},
	bibsource = {dblp computer science bibliography, https://dblp.org}
}

@inproceedings{ELMO,
	author    = {David McCann and
	Elisabeth Oswald and
	Carolyn Whitnall},
	editor    = {Engin Kirda and
	Thomas Ristenpart},
	title     = {Towards Practical Tools for Side Channel Aware Software Engineering:
	'Grey Box' Modelling for Instruction Leakages},
	booktitle = {26th {USENIX} Security Symposium, {USENIX} Security 2017, Vancouver,
	BC, Canada, August 16-18, 2017},
	pages     = {199--216},
	publisher = {{USENIX} Association},
	year      = {2017},
	url       = {https://www.usenix.org/conference/usenixsecurity17/technical-sessions/presentation/mccann},
	timestamp = {Mon, 01 Feb 2021 08:43:12 +0100},
	biburl    = {https://dblp.org/rec/conf/uss/McCannOW17.bib},
	bibsource = {dblp computer science bibliography, https://dblp.org}
}

@inproceedings{SiModel,
	author    = {Si Gao and
	Elisabeth Oswald},
	editor    = {Orr Dunkelman and
	Stefan Dziembowski},
	title     = {A Novel Completeness Test for Leakage Models and Its Application to
	Side Channel Attacks and Responsibly Engineered Simulators},
	booktitle = {Advances in Cryptology - {EUROCRYPT} 2022 - 41st Annual International
	Conference on the Theory and Applications of Cryptographic Techniques,
	Trondheim, Norway, May 30 - June 3, 2022, Proceedings, Part {III}},
	series    = {Lecture Notes in Computer Science},
	volume    = {13277},
	pages     = {254--283},
	publisher = {Springer},
	year      = {2022},
	url       = {https://doi.org/10.1007/978-3-031-07082-2\_10},
	doi       = {10.1007/978-3-031-07082-2\_10},
	timestamp = {Thu, 02 Jun 2022 16:43:26 +0200},
	biburl    = {https://dblp.org/rec/conf/eurocrypt/GaoO22.bib},
	bibsource = {dblp computer science bibliography, https://dblp.org}
}

@inproceedings{SiReverse,
	author    = {Si Gao and
	Elisabeth Oswald and
	Dan Page},
	editor    = {Orr Dunkelman and
	Stefan Dziembowski},
	title     = {Towards Micro-architectural Leakage Simulators: Reverse Engineering
	Micro-architectural Leakage Features Is Practical},
	booktitle = {Advances in Cryptology - {EUROCRYPT} 2022 - 41st Annual International
	Conference on the Theory and Applications of Cryptographic Techniques,
	Trondheim, Norway, May 30 - June 3, 2022, Proceedings, Part {III}},
	series    = {Lecture Notes in Computer Science},
	volume    = {13277},
	pages     = {284--311},
	publisher = {Springer},
	year      = {2022},
	url       = {https://doi.org/10.1007/978-3-031-07082-2\_11},
	doi       = {10.1007/978-3-031-07082-2\_11},
	timestamp = {Thu, 02 Jun 2022 16:43:26 +0200},
	biburl    = {https://dblp.org/rec/conf/eurocrypt/GaoOP22.bib},
	bibsource = {dblp computer science bibliography, https://dblp.org}
}

@misc{GILES,
	url = {https://github.com/sca-research/GILES}
}

@misc{Thumbulator,
url = {https://github.com/dwelch67/thumbulator}
}

@misc{POSIX,
	url = {https://pubs.opengroup.org/onlinepubs/9699919799.2008edition/}
}

@misc{FIFO,
	url = {https://man7.org/linux/man-pages/man7/fifo.7.html}
}

@misc{UnixFileTypes,
	url = {https://www.gnu.org/software/libc/manual/html_node/Testing-File-Type.html}
}